% Encoding: UTF-8
@book{lucik,
  author    = {Ю.А. Луцик, В.Н. Комличенко},
  title     = {Объектно-ориентированное программирование на языке С++},
  year      = {2008},
  publisher = {БГУИР},
  isbn      = {985-44-562-3},
  pages     = {45 - 173},
  language  = {russian}
}

@book{QT,
  author    = {Шлее М.},
  title     = {Qt 5.10. Профессиональное программирование на С++},
  year      = {2018},
  publisher = {БХВ-Петербурr},
  isbn      = {978-5-9775-3678-3},
  pages     = {104 - 130, 508 - 532},
  language  = {russian}
}


@book{algo,
  author    = {Т.Кормен, Ч.Лейзерсон, Р.Ривест, К.Штайн},
  title     = {Алгоритмы: построение и анализ},
  year      = {2013},
  publisher = {Издательский дом "Вильямс"},
  isbn      = {978-5-8459-1794-2},
  pages     = {464 - 471},
  language  = {russian}
}

@misc{wiki_huf,
  title     = {Код Хаффмана},
  date      = {2023-14-12},
  url       = {https://ru.wikipedia.org/wiki/%D0%9A%D0%BE%D0%B4_%D0%A5%D0%B0%D1%84%D1%84%D0%BC%D0%B0%D0%BD%D0%B0#%D0%9A%D0%BB%D0%B0%D1%81%D1%81%D0%B8%D1%87%D0%B5%D1%81%D0%BA%D0%B8%D0%B9_%D0%B0%D0%BB%D0%B3%D0%BE%D1%80%D0%B8%D1%82%D0%BC_%D0%A5%D0%B0%D1%84%D1%84%D0%BC%D0%B0%D0%BD%D0%B0},
  timestamp = {2023-14-12}
}

@misc{qt_doc,
  title     = {Qt Documentation},
  date      = {2023-14-12},
  url       = {https://doc.qt.io/},
  timestamp = {2023-14-12}
}